@techreport{capgemini_research_institute_future_2020,
  title      = {The future of work: {From} remote to hybrid},
  shorttitle = {The future of work},
  url        = {https://www.capgemini.com/insights/research-library/the-future-of-work/},
  abstract   = {Digital workplaceThe Future of Work: From remote to hybridReport from the Capgemini Research InstituteDownload full report5 MB pdfInfographic875 KB},
  language   = {en-US},
  urldate    = {2024-01-24},
  author     = {{Capgemini Research Institute}},
  year       = {2020}
}

@misc{bertelsmann_stiftung_studie_2021,
  title    = {Studie - {Home}-{Office} und {Unternehmenskultur}},
  url      = {https://www.bertelsmann-stiftung.de/de/unsere-projekte/fuehrungsdialoge/projektnachrichten/home-office-und-unternehmenskultur},
  abstract = {Es hat sich gezeigt, dass sich Arbeitnehmer:innen gut an die Bedingungen des mobilen Arbeitens angepasst haben - die Flexibilität bringt viele Vorteile. Allerdings drohen Haarrisse in der Unternehmenskultur.},
  language = {de},
  urldate  = {2024-01-24},
  author   = {{Bertelsmann Stiftung}},
  month    = feb,
  year     = {2021}
}

@article{dr_florian_schweden_home-office_nodate,
  title   = {Home-{Office} – {Chancen} \& {Herausforderungen}},
  journal = {Universität Hamburg},
  author  = {{Dr. Florian Schweden}}
}

@misc{deutschlandfunk_nova_internet-konferenz_2021,
  title    = {Internet-{Konferenz} besser ohne {Video}},
  url      = {https://www.deutschlandfunknova.de/nachrichten/energieverbrauch-internet-konferenz-besser-ohne-video},
  abstract = {Für den ökologischen Fußabdruck sind besser: Video-Konferenz mit deaktiviertem Video und Streaming ohne HD-Qualität.},
  language = {de},
  urldate  = {2024-01-24},
  journal  = {Deutschlandfunk Nova},
  author   = {{Deutschlandfunk Nova}},
  month    = jan,
  year     = {2021}
}

@misc{eisemann_treibhauseffekt_2021,
  type     = {Text},
  title    = {Treibhauseffekt von {Streaming}, {Videokonferenz} \& {Co} berechenbar},
  url      = {https://www.umweltbundesamt.de/themen/treibhauseffekt-von-streaming-videokonferenz-co},
  abstract = {Im Home-Office arbeiten, E-Learning, Online-Veranstaltungen und Filme streamen: Das ist für die meisten jetzt Alltag. Doch wie umweltfreundlich sind Cloud-Dienste wirklich? Eine Studie im Auftrag des UBA hat eine Methode zur Berechnung des CO2-Fußabdrucks von datenintensiven Cloud-Anwendungen entwickelt. Damit können konkrete Daten zu den Umweltwirkungen ermittelt werden.},
  language = {de},
  urldate  = {2024-01-24},
  journal  = {Umweltbundesamt},
  author   = {Eisemann, Lea},
  month    = jun,
  year     = {2021}
}

@article{dpa_kamera_2021,
  address    = {Hamburg},
  title      = {Kamera aus fürs {Klima}: {Videokonferenzen}: {Wie} man die {CO2}-{Bilanz} verbessern kann},
  issn       = {0044-2070},
  shorttitle = {Kamera aus fürs {Klima}},
  url        = {https://www.zeit.de/news/2021-02/18/videokonferenzen-wie-man-die-co2-bilanz-verbessern-kann},
  abstract   = {Hier finden Sie Informationen zu dem Thema „Kamera aus fürs Klima“. Lesen Sie jetzt „Videokonferenzen: Wie man die CO2-Bilanz verbessern kann“.},
  language   = {de-DE},
  urldate    = {2024-01-24},
  journal    = {Die Zeit},
  author     = {{dpa}},
  month      = feb,
  year       = {2021},
  keywords   = {Berlin, CO2, DE-CIX, David Hutzler, Frankfurt, Internetnutzung, Marina Köhn, Montenegro, Netflix, Videokonferenz}
}

@incollection{manuela_franz_energiebedarf_2021,
  title     = {Energiebedarf und {Treibhausgasemissionen} der Digitalisierung},
  booktitle = {12. {Internationale} {Energiewirtschaftstagung} an der {TU} {Wien}},
  author    = {{Manuela Franz}},
  year      = {2021}
}

@techreport{waldemar_marz_reduziert_2022,
  title       = {Reduziert mehr {Homeoffice} die {Emissionen} im {Verkehr}?},
  shorttitle  = {Reduziert mehr {Homeoffice} die {Emissionen} im {Verkehr}?},
  url         = {https://www.ifo.de/publikationen/2022/aufsatz-zeitschrift/reduziert-mehr-homeoffice-die-emissionen-im-verkehr},
  abstract    = {Nach den Ergebnissen einer Studie von Waldemar Marz, ifo Institut, senkt ein größerer Anteil von Homeoffice-Tagen zwar kurzfristig die Anzahl der Fahrten zur Arbeit und die entsprechenden CO2-Emissionen. Langfristig ziehen die Menschen jedoch im Schnitt von den Innenstädten weiter weg, um von billigerem Wohnraum auf dem Land zu profitieren. Zudem sinkt mit mehr Homeoffice auch der Anreiz für die Haushalte, sich sparsamere Fahrzeuge anzuschaffen. Beide Anpassungsreaktionen gleichen die anfängliche Absenkung der Emissionen fast vollständig aus.},
  language    = {de},
  urldate     = {2024-01-24},
  institution = {ifo},
  author      = {{Waldemar Marz}},
  month       = may,
  year        = {2022}
}
@inproceedings{lambrecht_homeoffice_2021,
  title     = {Homeoffice und {Ersatz} von {Dienst}- und {Geschäftsreisen} durch {Videokonferenzen}},
  url       = {https://www.ifeu.de/publikation/homeoffice-und-ersatz-von-dienst-und-geschaeftsreisen-durch-videokonferenzen/},
  language  = {de},
  urldate   = {2024-01-24},
  publisher = {ifeu},
  author    = {Lambrecht, Udo and Kräck, Jan and Dünnebeil, Frank},
  year      = {2021}
}
@misc{daniel_crow_working_2022,
  title      = {Working from home can save energy and reduce emissions. {But} how much? – {Analysis}},
  shorttitle = {Working from home can save energy and reduce emissions. {But} how much?},
  url        = {https://www.iea.org/commentaries/working-from-home-can-save-energy-and-reduce-emissions-but-how-much},
  abstract   = {Working from home can save energy and reduce emissions. But how much? - A commentary by Daniel Crow, Ariane Millot},
  language   = {en-GB},
  urldate    = {2024-01-24},
  journal    = {IEA},
  author     = {{Daniel Crow} and {Ariane Millot}},
  month      = jun,
  year       = {2022}
}

@misc{holand_homeoffice_2023,
  title      = {Homeoffice: {Produktiver} oder nicht? {Studienlage} widersprüchlich},
  shorttitle = {Homeoffice},
  url        = {https://www.rnd.de/wirtschaft/homeoffice-produktiver-oder-nicht-studienlage-widerspruechlich-5AMCAGADTBGD7KYKF6SY2I5DD4.html},
  abstract   = {Während der Pandemie erlebte das Homeoffice einen unverhofften Boom. Nun wollen Unternehmen Beschäftigte oft zurück ins Büro ordern. Dabei ist immer noch nicht klar, ob die Produktivität bei der Arbeit in den eigenen vier Wänden wirklich leidet.},
  language   = {de},
  urldate    = {2024-01-24},
  author     = {Höland, Christoph},
  month      = jul,
  year       = {2023}
}

@misc{emanuel_working_2023,
  address    = {Rochester, NY},
  type       = {{SSRN} {Scholarly} {Paper}},
  title      = {Working {Remotely}? {Selection}, {Treatment}, and the {Market} for {Remote} {Work}},
  shorttitle = {Working {Remotely}?},
  url        = {https://papers.ssrn.com/abstract=4466130},
  doi        = {10.2139/ssrn.4466130},
  abstract   = {How does remote work affect productivity and how productive are workers who choose remote jobs? We estimate both effects in a U.S. Fortune 500 firm’s call centers that employed both remote and on-site workers in the same jobs. Prior to COVID-19, remote workers answered 12 percent fewer calls per hour than on-site workers. When the call centers closed due to COVID-19, the productivity of formerly on-site workers declined by 4 percent relative to already-remote workers, indicating that a third of the initial gap was due to a negative treatment effect of remote work. Yet an 8 percent productivity gap persisted, indicating that the majority of the productivity gap was due to negative worker selection into remote work. Difference-in-differences designs also indicate that remote work degraded call quality— particularly for inexperienced workers—and reduced workers’ promotion rates. In a model of the market provision of remote work, we find that firms were in a prisoner’s dilemma: all firms would have gained from offering comparable remote and on-site jobs, but any individual firm was loathe to attract less productive workers.},
  language   = {en},
  urldate    = {2024-01-24},
  author     = {Emanuel, Natalia and Harrington, Emma},
  month      = may,
  year       = {2023},
  keywords   = {remote work, selection, work-from-home, worker productivity}
}

@article{braesemann_global_2022,
	title = {The global polarisation of remote work},
	volume = {17},
	issn = {1932-6203},
	url = {https://journals.plos.org/plosone/article?id=10.1371/journal.pone.0274630},
	doi = {10.1371/journal.pone.0274630},
	abstract = {The Covid-19 pandemic has led to the rise of digitally enabled remote work with consequences for the global division of labour. Remote work could connect labour markets, but it might also increase spatial polarisation. However, our understanding of the geographies of remote work is limited. Specifically, in how far could remote work connect employers and workers in different countries? Does it bring jobs to rural areas because of lower living costs, or does it concentrate in large cities? And how do skill requirements affect competition for employment and wages? We use data from a fully remote labour market—an online labour platform—to show that remote platform work is polarised along three dimensions. First, countries are globally divided: North American, European, and South Asian remote platform workers attract most jobs, while many Global South countries participate only marginally. Secondly, remote jobs are pulled to large cities; rural areas fall behind. Thirdly, remote work is polarised along the skill axis: workers with in-demand skills attract profitable jobs, while others face intense competition and obtain low wages. The findings suggest that agglomerative forces linked to the unequal spatial distribution of skills, human capital, and opportunities shape the global geography of remote work. These forces pull remote work to places with institutions that foster specialisation and complex economic activities, i. e. metropolitan areas focused on information and communication technologies. Locations without access to these enabling institutions—in many cases, rural areas—fall behind. To make remote work an effective tool for economic and rural development, it would need to be complemented by local skill-building, infrastructure investment, and labour market programmes.},
	language = {en},
	number = {10},
	urldate = {2024-01-24},
	journal = {PLOS ONE},
	author = {Braesemann, Fabian and Stephany, Fabian and Teutloff, Ole and Kässi, Otto and Graham, Mark and Lehdonvirta, Vili},
	month = oct,
	year = {2022},
	keywords = {Economic geography, Geography, Internet, Jobs, Labor economics, Labor markets, Professions, Salaries},
	pages = {e0274630},
}


@misc{noauthor_remote-arbeit_2023,
	title = {Remote-{Arbeit} und {Unternehmenskultur}: {Auswirkungen} und {Anpassungsstrategien}},
	shorttitle = {Remote-{Arbeit} und {Unternehmenskultur}},
	url = {https://www.personalkampagne.de/remote-arbeit-und-unternehmenskultur-auswirkungen-und-anpassungsstrategien/},
	abstract = {Es ist kein Geheimnis, dass Remote-Arbeit die moderne Arbeitswelt maßgeblich verändert hat. Ausgelöst durch eine Pandemie und verstärkt durch den technologischen Fortschritt, hat sich diese neue Arbeitsform von einer Seltenheit zu einer üblichen Praxis entwickelt. Doch während einige die Vorteile...},
	language = {de-DE},
	urldate = {2024-01-24},
	journal = {PersonalKampagne},
	month = aug,
	year = {2023},
}


@article{braesemann_remote-arbeit_2022,
	address = {Hamburg},
	title = {Remote-{Arbeit}: {In} der {Uckermark} leben, für {New} {York} arbeiten},
	issn = {0044-2070},
	shorttitle = {Remote-{Arbeit}},
	url = {https://www.zeit.de/arbeit/2022-09/remote-arbeit-stadt-land-gefaelle-online-arbeitsmarkt/komplettansicht},
	abstract = {Draußen die Natur, drinnen das Homeoffice: Das geht jetzt in vielen Jobs. Aber wohnen jetzt mehr Arbeitnehmende auf dem Land? Ein Blick auf Daten.},
	language = {de-DE},
	urldate = {2024-01-24},
	journal = {Die Zeit},
	author = {Braesemann, Fabian and Laux, Johann},
	month = oct,
	year = {2022},
	keywords = {AI, Arbeitsmarkt, Coworkingspaces, Home Office, Jobmarkt, Pandemie, Technologie, University of Oxford, Universität Oxford, Work-Life-Balance},
}
